@preamble{ "\newcommand{\www}[1]{Proc. of the #1 Intl. Conf. on World Wide Web}" }


@article{chung2014empirical,
  title={Empirical evaluation of gated recurrent neural networks on sequence modeling},
  author={Chung, Junyoung and Gulcehre, Caglar and Cho, KyungHyun and Bengio, Yoshua},
  journal={arXiv preprint arXiv:1412.3555},
  year={2014}
}
@article{GPU,
  author    = {Naiyong Ao and
               Fan Zhang and
               Di Wu and
               Douglas S. Stones and
               Gang Wang and
               Xiaoguang Liu and
               Jing Liu and
               Sheng Lin},
  title     = {Efficient Parallel Lists Intersection and Index Compression Algorithms
               using Graphics Processing Units},
  journal   = {{PVLDB}},
  volume    = {4},
  number    = {8},
  pages     = {470--481},
  year      = {2011},
}
@article{hochreiter1997long,
  title={Long short-term memory},
  author={Hochreiter, Sepp and Schmidhuber, J{\"u}rgen},
  journal={Neural computation},
  volume={9},
  number={8},
  pages={1735--1780},
  year={1997},
  publisher={MIT Press}
}
@inproceedings{Kraska2018,
  author    = {Tim Kraska and
               Alex Beutel and
               Ed H. Chi and
               Jeffrey Dean and
               Neoklis Polyzotis},
  title     = {The Case for Learned Index Structures},
  booktitle = {Proceedings of the 2018 International Conference on Management of
               Data, {SIGMOD} Conference 2018, Houston, TX, USA, June 10-15, 2018},
  pages     = {489--504},
  year      = {2018}
}
@article{DBLP:journals/access/XiangZCCLZ19,
  author    = {Wenkun Xiang and
               Hao Zhang and
               Rui Cui and
               Xing Chu and
               Keqin Li and
               Wei Zhou},
  title     = {Pavo: {A} RNN-Based Learned Inverted Index, Supervised or Unsupervised?},
  journal   = {{IEEE} Access},
  volume    = {7},
  pages     = {293--303},
  year      = {2019},
}
@inproceedings{OosterhuisCR18,
  author    = {Harrie Oosterhuis and
               J. Shane Culpepper and
               Maarten de Rijke},
  title     = {The Potential of Learned Index Structures for Index Compression},
  booktitle = {Proceedings of the 23rd Australasian Document Computing Symposium,
               {ADCS} 2018, Dunedin, New Zealand, December 11-12, 2018},
  pages     = {7:1--7:4},
  year      = {2018}
}

@article{simple8b,
  title={Index compression using 64-bit words},
  author={Anh, Vo Ngoc and Moffat, Alistair},
  journal={Software: Practice and Experience},
  volume={40},
  number={2},
  pages={131--147},
  year={2010}
}

@inproceedings{OptPForDelta,
 author = {Yan, Hao and Ding, Shuai and Suel, Torsten},
 title = {Inverted Index Compression and Query Processing with Optimized Document Ordering},
 booktitle = {\www{18th}},
 year = {2009},
 pages = {401--410}
} 

@article{SIMD-BP128,
 author = {Lemire, D. and Boytsov, L.},
 title = {Decoding Billions of Integers Per Second Through Vectorization},
 journal = {Softw. Pract. Exper.},
 volume = {45},
 number = {1},
 year = {2015},
 pages = {1--29}
} 
